@ARTICLE{Kasaei2021,
author={Kasaei, M. and Abreu, M. and Lau, N. and Pereira, A. and Reis, L.P.},
title={Robust biped locomotion using deep reinforcement learning on top of an analytical control approach},
journal={Robotics and Autonomous Systems},
year={2021},
volume={146},
doi={10.1016/j.robot.2021.103900},
art_number={103900},
note={cited By 0},
url={https://www.scopus.com/inward/record.uri?eid=2-s2.0-85117070684&doi=10.1016%2fj.robot.2021.103900&partnerID=40&md5=35b8b5b5c34b21f67eb2a4fb92f7bf1b},
document_type={Article},
source={Scopus},
}

@ARTICLE{Chen2021585,
author={Chen, Y. and Zhang, Q. and Xiong, C.},
title={From Anthropomorphic Design Basis to Exoskeleton Research Status: A Review on Walking Assist Exoskeletons for Paraplegics [截瘫助行外骨骼研究综述:从拟人设计依据到外骨骼研究现状]},
journal={Jiqiren/Robot},
year={2021},
volume={43},
number={5},
pages={585-605},
doi={10.13973/j.cnki.robot.200549},
note={cited By 0},
url={https://www.scopus.com/inward/record.uri?eid=2-s2.0-85117691250&doi=10.13973%2fj.cnki.robot.200549&partnerID=40&md5=afc873240328b7ceff74469a9298ff85},
document_type={Review},
source={Scopus},
}

@ARTICLE{Kashyap2021306,
author={Kashyap, A.K. and Parhi, D.R.},
title={Particle Swarm Optimization aided PID gait controller design for a humanoid robot},
journal={ISA Transactions},
year={2021},
volume={114},
pages={306-330},
doi={10.1016/j.isatra.2020.12.033},
note={cited By 6},
url={https://www.scopus.com/inward/record.uri?eid=2-s2.0-85098214534&doi=10.1016%2fj.isatra.2020.12.033&partnerID=40&md5=05d7f68dc6f7f08a0c911055e5b98e83},
document_type={Article},
source={Scopus},
}

@ARTICLE{Melo2021,
author={Melo, L.C. and Melo, D.C. and Maximo, M.R.O.A.},
title={Learning Humanoid Robot Running Motions with Symmetry Incentive through Proximal Policy Optimization},
journal={Journal of Intelligent and Robotic Systems: Theory and Applications},
year={2021},
volume={102},
number={3},
doi={10.1007/s10846-021-01355-9},
art_number={54},
note={cited By 0},
url={https://www.scopus.com/inward/record.uri?eid=2-s2.0-85107135214&doi=10.1007%2fs10846-021-01355-9&partnerID=40&md5=df21ae026b126b6fe1047604f1b746f6},
document_type={Article},
source={Scopus},
}

@ARTICLE{Zou2021405,
author={Zou, C. and Huang, R. and Qiu, J. and Chen, Q. and Cheng, H.},
title={Slope Gradient Adaptive Gait Planning for Walking Assistance Lower Limb Exoskeletons},
journal={IEEE Transactions on Automation Science and Engineering},
year={2021},
volume={18},
number={2},
pages={405-413},
doi={10.1109/TASE.2020.3037973},
art_number={9281111},
note={cited By 1},
url={https://www.scopus.com/inward/record.uri?eid=2-s2.0-85097936546&doi=10.1109%2fTASE.2020.3037973&partnerID=40&md5=b754d4a08f65a5881c1310ae97c4eff8},
document_type={Article},
source={Scopus},
}

@ARTICLE{Menga20211,
author={Menga, G.},
title={The spherical inverted pendulum: Exact solutions of gait and foot placement estimation based on symbolic computation},
journal={Applied Sciences (Switzerland)},
year={2021},
volume={11},
number={4},
pages={1-16},
doi={10.3390/app11041588},
art_number={1588},
note={cited By 0},
url={https://www.scopus.com/inward/record.uri?eid=2-s2.0-85101444537&doi=10.3390%2fapp11041588&partnerID=40&md5=42f87f3af206642d42b2229dcbc30135},
document_type={Article},
source={Scopus},
}

@ARTICLE{Li20211,
author={Li, L. and Xie, Z. and Luo, X. and Li, J.},
title={Trajectory planning of flexible walking for biped robots using linear inverted pendulum model and linear pendulum model},
journal={Sensors (Switzerland)},
year={2021},
volume={21},
number={4},
pages={1-26},
doi={10.3390/s21041082},
art_number={1082},
note={cited By 1},
url={https://www.scopus.com/inward/record.uri?eid=2-s2.0-85100267374&doi=10.3390%2fs21041082&partnerID=40&md5=5f9525717e61fd6db963e228a071868a},
document_type={Article},
source={Scopus},
}

@ARTICLE{Oh2021102,
author={Oh, J. and Sim, O. and Cho, B. and Lee, K. and Oh, J.-H.},
title={Online Delayed Reference Generation for a Humanoid Imitating Human Walking Motion},
journal={IEEE/ASME Transactions on Mechatronics},
year={2021},
volume={26},
number={1},
pages={102-112},
doi={10.1109/TMECH.2020.3002396},
art_number={9117048},
note={cited By 0},
url={https://www.scopus.com/inward/record.uri?eid=2-s2.0-85101257352&doi=10.1109%2fTMECH.2020.3002396&partnerID=40&md5=e0e407c4add1759046051bb76c697846},
document_type={Article},
source={Scopus},
}

@ARTICLE{Li2021123040,
author={Li, W.-Z. and Cao, G.-Z. and Zhu, A.-B.},
title={Review on Control Strategies for Lower Limb Rehabilitation Exoskeletons},
journal={IEEE Access},
year={2021},
volume={9},
pages={123040-123060},
doi={10.1109/ACCESS.2021.3110595},
note={cited By 0},
url={https://www.scopus.com/inward/record.uri?eid=2-s2.0-85114723715&doi=10.1109%2fACCESS.2021.3110595&partnerID=40&md5=a0d11cf2ec804c62e38ccacec1532214},
document_type={Review},
source={Scopus},
}

@ARTICLE{Kumar2021,
author={Kumar, J. and Dutta, A.},
title={Energy optimal motion planning of a 14-DOF biped robot on 3D terrain using a new speed function incorporating biped dynamics and terrain geometry},
journal={Robotica},
year={2021},
doi={10.1017/S0263574721000515},
art_number={2100051},
note={cited By 0},
url={https://www.scopus.com/inward/record.uri?eid=2-s2.0-85106157384&doi=10.1017%2fS0263574721000515&partnerID=40&md5=558e67a650215450a1f97c646a26801b},
document_type={Article},
source={Scopus},
}

@ARTICLE{Zhiqiang2021,
author={Zhiqiang, L. and Yuanbing, H. and Xiuli, C. and Yun, M.},
title={A grid gradient approximation method of energy-efficient gait planning for biped robots},
journal={International Journal of Advanced Robotic Systems},
year={2021},
volume={18},
number={2},
doi={10.1177/17298814211004327},
note={cited By 0},
url={https://www.scopus.com/inward/record.uri?eid=2-s2.0-85104868802&doi=10.1177%2f17298814211004327&partnerID=40&md5=788705e41e1191d2a8410309ddc4268d},
document_type={Article},
source={Scopus},
}

@ARTICLE{Dutta20201,
author={Dutta, S. and Miura-Mattausch, M. and Ochi, Y. and Yorino, N. and Mattausch, H.J.},
title={Gyro-sensor-based vibration control for dynamic humanoid-robot walking on inclined surfaces},
journal={Sensors (Switzerland)},
year={2020},
volume={20},
number={24},
pages={1-24},
doi={10.3390/s20247139},
art_number={7139},
note={cited By 1},
url={https://www.scopus.com/inward/record.uri?eid=2-s2.0-85097651312&doi=10.3390%2fs20247139&partnerID=40&md5=c084698d0b2e8cc921245b68bf23a895},
document_type={Article},
source={Scopus},
}

@ARTICLE{Mo20201,
author={Mo, X. and Ge, W. and Miraglia, M. and Inglese, F. and Zhao, D. and Stefanini, C. and Romano, D.},
title={Jumping locomotion strategies: From animals to bioinspired robots},
journal={Applied Sciences (Switzerland)},
year={2020},
volume={10},
number={23},
pages={1-38},
doi={10.3390/app10238607},
art_number={8607},
note={cited By 4},
url={https://www.scopus.com/inward/record.uri?eid=2-s2.0-85097304461&doi=10.3390%2fapp10238607&partnerID=40&md5=60bd5d23cbbac1a16cbe9b54cbeb6f92},
document_type={Review},
source={Scopus},
}

@ARTICLE{He2020,
author={He, J. and Gao, F.},
title={Mechanism, Actuation, Perception, and Control of Highly Dynamic Multilegged Robots: A Review},
journal={Chinese Journal of Mechanical Engineering (English Edition)},
year={2020},
volume={33},
number={1},
doi={10.1186/s10033-020-00485-9},
art_number={79},
note={cited By 6},
url={https://www.scopus.com/inward/record.uri?eid=2-s2.0-85095696025&doi=10.1186%2fs10033-020-00485-9&partnerID=40&md5=c11601e75687cad0fa5dc55968df0d3f},
document_type={Review},
source={Scopus},
}

@ARTICLE{Crews20205485,
author={Crews, S. and Travers, M.},
title={Energy management through footstep selection for bipedal robots},
journal={IEEE Robotics and Automation Letters},
year={2020},
volume={5},
number={4},
pages={5485-5493},
doi={10.1109/LRA.2020.3003235},
art_number={9119817},
note={cited By 3},
url={https://www.scopus.com/inward/record.uri?eid=2-s2.0-85090279282&doi=10.1109%2fLRA.2020.3003235&partnerID=40&md5=83ca57b87bacf6acc753ab9c1a36026c},
document_type={Article},
source={Scopus},
}

@ARTICLE{Chiang2020,
author={Chiang, S.-Y. and Wang, J.-L.},
title={Posture control for humanoid robot on uneven ground and slopes using inertial sensors},
journal={Advances in Mechanical Engineering},
year={2020},
volume={12},
number={9},
doi={10.1177/1687814020957181},
note={cited By 0},
url={https://www.scopus.com/inward/record.uri?eid=2-s2.0-85090909183&doi=10.1177%2f1687814020957181&partnerID=40&md5=f2559d60dcccb867feb3dae27eb2adee},
document_type={Article},
source={Scopus},
}

@CONFERENCE{Liu20201395,
author={Liu, Y. and Bi, Q. and Zang, X. and Li, Y.},
title={Human-like Walking of a Biped Robot Actuated by Pneumatic Artificial Muscles and Springs},
journal={IEEE International Conference on Automation Science and Engineering},
year={2020},
volume={2020-August},
pages={1395-1400},
doi={10.1109/CASE48305.2020.9216879},
art_number={9216879},
note={cited By 0},
url={https://www.scopus.com/inward/record.uri?eid=2-s2.0-85094124286&doi=10.1109%2fCASE48305.2020.9216879&partnerID=40&md5=c450b2ddb638934845417d03cdbb9683},
document_type={Conference Paper},
source={Scopus},
}

@ARTICLE{Liu20201345,
author={Liu, C. and Yang, J. and An, K. and Liu, M. and Chen, Q.},
title={Robust Control of Semi-passive Biped Dynamic Locomotion based on a Discrete Control Lyapunov Function},
journal={Robotica},
year={2020},
volume={38},
number={8},
pages={1345-1358},
doi={10.1017/S0263574719001504},
note={cited By 2},
url={https://www.scopus.com/inward/record.uri?eid=2-s2.0-85089073629&doi=10.1017%2fS0263574719001504&partnerID=40&md5=8d566a21933f4808b650502ce82ed312},
document_type={Article},
source={Scopus},
}

@ARTICLE{Scianca20201171,
author={Scianca, N. and De Simone, D. and Lanari, L. and Oriolo, G.},
title={MPC for Humanoid Gait Generation: Stability and Feasibility},
journal={IEEE Transactions on Robotics},
year={2020},
volume={36},
number={4},
pages={1171-1188},
doi={10.1109/TRO.2019.2958483},
art_number={8955951},
note={cited By 12},
url={https://www.scopus.com/inward/record.uri?eid=2-s2.0-85085761342&doi=10.1109%2fTRO.2019.2958483&partnerID=40&md5=838570caf27d283be2ff70a283184f46},
document_type={Article},
source={Scopus},
}

@ARTICLE{Zhornyak20201263,
author={Zhornyak, L. and Reza Emami, M. and Reza Emami, M.},
title={Gait Optimization for Quadruped Rovers},
journal={Robotica},
year={2020},
volume={38},
number={7},
pages={1263-1287},
doi={10.1017/S0263574719001413},
note={cited By 1},
url={https://www.scopus.com/inward/record.uri?eid=2-s2.0-85088700520&doi=10.1017%2fS0263574719001413&partnerID=40&md5=775058bed6afe51ed149871cfe1aca22},
document_type={Article},
source={Scopus},
}

@ARTICLE{Damm2020553,
author={Damm, L. and Varoqui, D. and De Cock, V.C. and Dalla Bella, S. and Bardy, B.},
title={Why do we move to the beat? A multi-scale approach, from physical principles to brain dynamics},
journal={Neuroscience and Biobehavioral Reviews},
year={2020},
volume={112},
pages={553-584},
doi={10.1016/j.neubiorev.2019.12.024},
note={cited By 18},
url={https://www.scopus.com/inward/record.uri?eid=2-s2.0-85080118149&doi=10.1016%2fj.neubiorev.2019.12.024&partnerID=40&md5=29de84d48bff123bd6f4bd57e62a25c3},
document_type={Review},
source={Scopus},
}

@ARTICLE{Iizuka2020203,
author={Iizuka, R. and Miyahara, S. and Nenchev, D.N.},
title={Walking with Hand Motion/Force Control and CoM/VRP and Trunk Compliance for Disturbance Accommodation},
journal={IEEE Robotics and Automation Letters},
year={2020},
volume={5},
number={1},
pages={203-210},
doi={10.1109/LRA.2019.2952323},
art_number={8894480},
note={cited By 2},
url={https://www.scopus.com/inward/record.uri?eid=2-s2.0-85077733888&doi=10.1109%2fLRA.2019.2952323&partnerID=40&md5=80a67fa72e7886c807ffd097c2fded23},
document_type={Article},
source={Scopus},
}

@ARTICLE{He20191855,
author={He, B. and Si, Y. and Wang, Z. and Zhou, Y.},
title={Hybrid CPG–FRI dynamic walking algorithm balancing agility and stability control of biped robot},
journal={Autonomous Robots},
year={2019},
volume={43},
number={7},
pages={1855-1865},
doi={10.1007/s10514-019-09839-2},
note={cited By 3},
url={https://www.scopus.com/inward/record.uri?eid=2-s2.0-85061030478&doi=10.1007%2fs10514-019-09839-2&partnerID=40&md5=cdac0a0a13567ad102620f99c47570b8},
document_type={Article},
source={Scopus},
}

@ARTICLE{Li20191627,
author={Li, Q. and Yu, Z. and Chen, X. and Zhou, Q. and Zhang, W. and Meng, L. and Huang, Q.},
title={Contact Force/Torque Control Based on Viscoelastic Model for Stable Bipedal Walking on Indefinite Uneven Terrain},
journal={IEEE Transactions on Automation Science and Engineering},
year={2019},
volume={16},
number={4},
pages={1627-1639},
doi={10.1109/TASE.2019.2903564},
art_number={8672785},
note={cited By 12},
url={https://www.scopus.com/inward/record.uri?eid=2-s2.0-85077497786&doi=10.1109%2fTASE.2019.2903564&partnerID=40&md5=b81a4d387929a07d6c998dee69fd5fa9},
document_type={Article},
source={Scopus},
}

@ARTICLE{Joe2019,
author={Joe, H.-M. and Oh, J.-H.},
title={A robust balance-control framework for the terrain-blind bipedal walking of a humanoid robot on unknown and uneven terrain},
journal={Sensors (Switzerland)},
year={2019},
volume={19},
number={19},
doi={10.3390/s19194194},
art_number={4194},
note={cited By 8},
url={https://www.scopus.com/inward/record.uri?eid=2-s2.0-85072779692&doi=10.3390%2fs19194194&partnerID=40&md5=660a183954297e85f178601caad36247},
document_type={Article},
source={Scopus},
}

@ARTICLE{Heim2019939,
author={Heim, S. and Spröwitz, A.},
title={Beyond Basins of Attraction: Quantifying Robustness of Natural Dynamics},
journal={IEEE Transactions on Robotics},
year={2019},
volume={35},
number={4},
pages={939-952},
doi={10.1109/TRO.2019.2910739},
art_number={8710301},
note={cited By 7},
url={https://www.scopus.com/inward/record.uri?eid=2-s2.0-85065993456&doi=10.1109%2fTRO.2019.2910739&partnerID=40&md5=480c0693de266f697a085392bd74a59d},
document_type={Article},
source={Scopus},
}

@CONFERENCE{Pajon20191404,
author={Pajon, A. and Wiebe, P.-B.},
title={Safe 3D bipedal walking through linear MPC with 3D capturability},
journal={Proceedings - IEEE International Conference on Robotics and Automation},
year={2019},
volume={2019-May},
pages={1404-1409},
doi={10.1109/ICRA.2019.8794117},
art_number={8794117},
note={cited By 4},
url={https://www.scopus.com/inward/record.uri?eid=2-s2.0-85071451315&doi=10.1109%2fICRA.2019.8794117&partnerID=40&md5=f4853fecc76b533c00fdbc49edc39a0d},
document_type={Conference Paper},
source={Scopus},
}

@ARTICLE{Seethapathi2019,
author={Seethapathi, N. and Srinivasan, M.},
title={Step-to-step variations in human running reveal how humans run without falling},
journal={eLife},
year={2019},
volume={8},
doi={10.7554/eLife.38371},
art_number={e38371},
note={cited By 9},
url={https://www.scopus.com/inward/record.uri?eid=2-s2.0-85063292907&doi=10.7554%2feLife.38371&partnerID=40&md5=f85cdfcc778dc89d0ac32175c3ef5bcc},
document_type={Article},
source={Scopus},
}

@ARTICLE{Prasanga2019824,
author={Prasanga, D.K. and Tanida, K. and Ohnishi, K. and Murakami, T.},
title={Simultaneous bipedal locomotion based on haptics for teleoperation},
journal={Advanced Robotics},
year={2019},
volume={33},
number={15-16},
pages={824-839},
doi={10.1080/01691864.2019.1646162},
note={cited By 1},
url={https://www.scopus.com/inward/record.uri?eid=2-s2.0-85070892498&doi=10.1080%2f01691864.2019.1646162&partnerID=40&md5=3f52f290c689ac9744a67a1da3ac307a},
document_type={Article},
source={Scopus},
}

@CONFERENCE{Bao20184363,
author={Bao, R. and Geng, T.},
title={Fast Walking with Rhythmic Sway of Torso in a 2D Passive Ankle Walker},
journal={IEEE International Conference on Intelligent Robots and Systems},
year={2018},
pages={4363-4368},
doi={10.1109/IROS.2018.8593665},
art_number={8593665},
note={cited By 2},
url={https://www.scopus.com/inward/record.uri?eid=2-s2.0-85062996166&doi=10.1109%2fIROS.2018.8593665&partnerID=40&md5=82e960a7b123b4b3d88d90e6004a1479},
document_type={Conference Paper},
source={Scopus},
}

@CONFERENCE{NoAuthor201836,
author={Martin and Putri, D.I.H. and Riyanto and Machbub, C.},
title={Gait Controllers on Humanoid Robot Using Kalman Filter and PD Controller},
journal={2018 15th International Conference on Control, Automation, Robotics and Vision, ICARCV 2018},
year={2018},
pages={36-41},
doi={10.1109/ICARCV.2018.8581061},
art_number={8581061},
note={cited By 7},
url={https://www.scopus.com/inward/record.uri?eid=2-s2.0-85060799701&doi=10.1109%2fICARCV.2018.8581061&partnerID=40&md5=26edb465bde2b44031056b02b267b421},
document_type={Conference Paper},
source={Scopus},
}

@ARTICLE{Balakrishnan2018611,
author={Balakrishnan, S. and Tripathi, S. and Sudarshan, T.S.B.},
title={Non-linear dynamic model with varying hip height for stable walking of biped robot},
journal={International Journal of Robotics and Automation},
year={2018},
volume={33},
number={6},
pages={611-619},
doi={10.2316/Journal.206.2018.6.206-5135},
note={cited By 0},
url={https://www.scopus.com/inward/record.uri?eid=2-s2.0-85056796928&doi=10.2316%2fJournal.206.2018.6.206-5135&partnerID=40&md5=a848debb4e947b6c2ab6dfc4e96d472e},
document_type={Article},
source={Scopus},
}

@ARTICLE{Meng2018277,
author={Meng, L. and Macleod, C.A. and Porr, B. and Gollee, H.},
title={Bipedal robotic walking control derived from analysis of human locomotion},
journal={Biological Cybernetics},
year={2018},
volume={112},
number={3},
pages={277-290},
doi={10.1007/s00422-018-0750-5},
note={cited By 3},
url={https://www.scopus.com/inward/record.uri?eid=2-s2.0-85041593637&doi=10.1007%2fs00422-018-0750-5&partnerID=40&md5=6ef28e0b36f58983cc27711500b9a232},
document_type={Article},
source={Scopus},
}

@ARTICLE{Khan2018,
author={Khan, R.A. and Naseer, N. and Qureshi, N.K. and Noori, F.M. and Nazeer, H. and Khan, M.U.},
title={FNIRS-based Neurorobotic Interface for gait rehabilitation},
journal={Journal of NeuroEngineering and Rehabilitation},
year={2018},
volume={15},
number={1},
doi={10.1186/s12984-018-0346-2},
art_number={7},
note={cited By 48},
url={https://www.scopus.com/inward/record.uri?eid=2-s2.0-85041396837&doi=10.1186%2fs12984-018-0346-2&partnerID=40&md5=163f60a9c9e77164223a517b9de23c3f},
document_type={Article},
source={Scopus},
}

@BOOK{Nenchev20181,
author={Nenchev, D.N. and Tsujita, T. and Konno, A.},
title={Humanoid robots: Modeling and control},
journal={Humanoid Robots: Modeling and Control},
year={2018},
pages={1-508},
doi={10.1016/C2015-0-01877-9},
note={cited By 11},
url={https://www.scopus.com/inward/record.uri?eid=2-s2.0-85071414045&doi=10.1016%2fC2015-0-01877-9&partnerID=40&md5=83dae9184b5c6c7800f996d0a62a17ee},
document_type={Book},
source={Scopus},
}

@ARTICLE{Bruijn2018,
author={Bruijn, S.M. and Van Dieën, J.H.},
title={Control of human gait stability through foot placement},
journal={Journal of the Royal Society Interface},
year={2018},
volume={15},
number={143},
doi={10.1098/rsif.2017.0816},
art_number={20170816},
note={cited By 100},
url={https://www.scopus.com/inward/record.uri?eid=2-s2.0-85048331206&doi=10.1098%2frsif.2017.0816&partnerID=40&md5=97cf37c487e06c884464dbe412f79a57},
document_type={Review},
source={Scopus},
}

@ARTICLE{Kasaei2018743,
author={Kasaei, S.M. and Simões, D. and Lau, N. and Pereira, A.},
title={A Hybrid ZMP-CPG Based Walk Engine for Biped Robots},
journal={Advances in Intelligent Systems and Computing},
year={2018},
volume={694},
pages={743-755},
doi={10.1007/978-3-319-70836-2_61},
note={cited By 4},
url={https://www.scopus.com/inward/record.uri?eid=2-s2.0-85042234860&doi=10.1007%2f978-3-319-70836-2_61&partnerID=40&md5=91dabacb22929d09d6d68d97887ba80a},
document_type={Conference Paper},
source={Scopus},
}

@BOOK{Mombaur2017196,
author={Mombaur, K. and Hu, Y. and Buchli, J.},
title={Control of motion and compliance: Efficiency and compliance in bipedal walking},
journal={Bioinspired Legged Locomotion: Models, Concepts, Control and Applications},
year={2017},
pages={196-222},
doi={10.1016/B978-0-12-803766-9.00006-3},
note={cited By 0},
url={https://www.scopus.com/inward/record.uri?eid=2-s2.0-85043446544&doi=10.1016%2fB978-0-12-803766-9.00006-3&partnerID=40&md5=6331de2d1252f281eb5743d2080ec7f3},
document_type={Book Chapter},
source={Scopus},
}

@BOOK{Zhang2017347,
author={Zhang, J. and Cheah, C.C. and Collins, S.H.},
title={Torque Control in Legged Locomotion},
journal={Bioinspired Legged Locomotion: Models, Concepts, Control and Applications},
year={2017},
pages={347-400},
doi={10.1016/B978-0-12-803766-9.00007-5},
note={cited By 15},
url={https://www.scopus.com/inward/record.uri?eid=2-s2.0-85043433721&doi=10.1016%2fB978-0-12-803766-9.00007-5&partnerID=40&md5=31dc0b2b688c5f7c0507fabeeb06d9d4},
document_type={Book Chapter},
source={Scopus},
}

@CONFERENCE{Wahrmann20171471,
author={Wahrmann, D. and Knopp, T. and Wittmann, R. and Hildebrandt, A.-C. and Sygulla, F. and Seiwald, P. and Rixen, D. and Buschmann, T.},
title={Modifying the estimated ground height to mitigate error effects on bipedal robot walking},
journal={IEEE/ASME International Conference on Advanced Intelligent Mechatronics, AIM},
year={2017},
pages={1471-1476},
doi={10.1109/AIM.2017.8014226},
art_number={8014226},
note={cited By 3},
url={https://www.scopus.com/inward/record.uri?eid=2-s2.0-85028764835&doi=10.1109%2fAIM.2017.8014226&partnerID=40&md5=a823c4e5cc994ca9f8814656fb1b47c1},
document_type={Conference Paper},
source={Scopus},
}

@ARTICLE{Gupta2017607,
author={Gupta, S. and Kumar, A.},
title={A brief review of dynamics and control of underactuated biped robots},
journal={Advanced Robotics},
year={2017},
volume={31},
number={12},
pages={607-623},
doi={10.1080/01691864.2017.1308270},
note={cited By 25},
url={https://www.scopus.com/inward/record.uri?eid=2-s2.0-85017159972&doi=10.1080%2f01691864.2017.1308270&partnerID=40&md5=2ddddea7309cfb08e08e036a9002845c},
document_type={Article},
source={Scopus},
}

@CONFERENCE{Kien2017,
author={Kien, E.K.T. and Shanmugavel, M. and Veera Ragavan, S.},
title={Motion planning of a bipedal walking robot with leg-mounted ultrasonic sensors-An experimental study},
journal={International Conference on Robotics and Automation for Humanitarian Applications, RAHA 2016 - Conference Proceedings},
year={2017},
doi={10.1109/RAHA.2016.7931874},
art_number={7931874},
note={cited By 0},
url={https://www.scopus.com/inward/record.uri?eid=2-s2.0-85025597826&doi=10.1109%2fRAHA.2016.7931874&partnerID=40&md5=0d63a61c961eda77400ba7a08992085a},
document_type={Conference Paper},
source={Scopus},
}

@BOOK{Gordon20171,
author={Gordon, M.S. and Blickhan, R. and Dabiri, J.O. and Videler, J.J.},
title={Animal locomotion: Physical principles and adaptations},
journal={Animal Locomotion: Physical Principles and Adaptations},
year={2017},
pages={1-268},
doi={10.1201/b22011},
note={cited By 17},
url={https://www.scopus.com/inward/record.uri?eid=2-s2.0-85053302617&doi=10.1201%2fb22011&partnerID=40&md5=9217e462727482ca64ec1a54aa60ad99},
document_type={Book},
source={Scopus},
}

@ARTICLE{Sentis2017603,
author={Sentis, L. and Fernandez, B.R. and Slovich, M.},
title={Prediction and planning methods of bipedal dynamic locomotion over very rough terrains},
journal={Springer Tracts in Advanced Robotics},
year={2017},
volume={100},
pages={603-618},
doi={10.1007/978-3-319-29363-9_34},
note={cited By 0},
url={https://www.scopus.com/inward/record.uri?eid=2-s2.0-84984799204&doi=10.1007%2f978-3-319-29363-9_34&partnerID=40&md5=3d2def008331268e69212818d84ff00f},
document_type={Conference Paper},
source={Scopus},
}

@CONFERENCE{KasunPrasanga2016797,
author={Kasun Prasanga, D. and Ohnishi, K.},
title={Simultaneous locomotion of biped robot with the transmission of human motion},
journal={IECON Proceedings (Industrial Electronics Conference)},
year={2016},
pages={797-802},
doi={10.1109/IECON.2016.7793264},
art_number={7793264},
note={cited By 0},
url={https://www.scopus.com/inward/record.uri?eid=2-s2.0-85010073040&doi=10.1109%2fIECON.2016.7793264&partnerID=40&md5=9db47c21b6b3af1712b6e4f2d8e66764},
document_type={Conference Paper},
source={Scopus},
}

@ARTICLE{Al-Shuka20162440,
author={Al-Shuka, H.F.N. and Corves, B. and Zhu, W.-H. and Vanderborght, B.},
title={Multi-level control of zero-moment point-based humanoid biped robots: A review},
journal={Robotica},
year={2016},
volume={34},
number={11},
pages={2440-2466},
doi={10.1017/S0263574715000107},
note={cited By 19},
url={https://www.scopus.com/inward/record.uri?eid=2-s2.0-84923372046&doi=10.1017%2fS0263574715000107&partnerID=40&md5=dc52c687a2169f4a2191aa27e1732b10},
document_type={Review},
source={Scopus},
}

@ARTICLE{Liu2016572,
author={Liu, C. and Wang, D. and Goodman, E.D. and Chen, Q.},
title={Adaptive Walking Control of Biped Robots Using Online Trajectory Generation Method Based on Neural Oscillators},
journal={Journal of Bionic Engineering},
year={2016},
volume={13},
number={4},
pages={572-584},
doi={10.1016/S1672-6529(16)60329-3},
note={cited By 13},
url={https://www.scopus.com/inward/record.uri?eid=2-s2.0-84994430603&doi=10.1016%2fS1672-6529%2816%2960329-3&partnerID=40&md5=a1ea0d9c8dde57a1fcf1d8cdd9b099ca},
document_type={Article},
source={Scopus},
}

@ARTICLE{Aguilar2016,
author={Aguilar, J. and Zhang, T. and Qian, F. and Kingsbury, M. and McInroe, B. and Mazouchova, N. and Li, C. and Maladen, R. and Gong, C. and Travers, M. and Hatton, R.L. and Choset, H. and Umbanhowar, P.B. and Goldman, D.I.},
title={A review on locomotion robophysics: The study of movement at the intersection of robotics, soft matter and dynamical systems},
journal={Reports on Progress in Physics},
year={2016},
volume={79},
number={11},
doi={10.1088/0034-4885/79/11/110001},
art_number={110001},
note={cited By 88},
url={https://www.scopus.com/inward/record.uri?eid=2-s2.0-84994017973&doi=10.1088%2f0034-4885%2f79%2f11%2f110001&partnerID=40&md5=5f9eccc6e39f1878c7ec010c185e5dc4},
document_type={Review},
source={Scopus},
}

@ARTICLE{Gonzalez-Luchena201657,
author={Gonzalez-Luchena, I. and Gonzalez-Rodriguez, A.G. and Gonzalez-Rodriguez, A. and Adame-Sanchez, C. and Castillo-Garcia, F.J.},
title={A new algorithm to maintain lateral stabilization during the running gait of a quadruped robot},
journal={Robotics and Autonomous Systems},
year={2016},
volume={83},
pages={57-72},
doi={10.1016/j.robot.2016.06.004},
note={cited By 10},
url={https://www.scopus.com/inward/record.uri?eid=2-s2.0-85002537286&doi=10.1016%2fj.robot.2016.06.004&partnerID=40&md5=4da552c1fbe5746d8e9507e45c45a600},
document_type={Article},
source={Scopus},
}

@ARTICLE{Hwang20161041,
author={Hwang, K.-S. and Lin, J.-L. and Li, J.-S.},
title={Biped balance control by reinforcement learning},
journal={Journal of Information Science and Engineering},
year={2016},
volume={32},
number={4},
pages={1041-1060},
note={cited By 9},
url={https://www.scopus.com/inward/record.uri?eid=2-s2.0-84983685055&partnerID=40&md5=e089c56ff48b1df1e238ee78459370f0},
document_type={Article},
source={Scopus},
}

@CONFERENCE{Luo2016121,
author={Luo, D. and Wang, Y. and Wu, X.},
title={Autonomously achieving bipedal locomotion skill via hierarchical motion modelling},
journal={2016 IEEE 14th International Workshop on Advanced Motion Control, AMC 2016},
year={2016},
pages={121-128},
doi={10.1109/AMC.2016.7496338},
art_number={7496338},
note={cited By 0},
url={https://www.scopus.com/inward/record.uri?eid=2-s2.0-84982787095&doi=10.1109%2fAMC.2016.7496338&partnerID=40&md5=2e097bfcc8b6613bea9585cf36912e24},
document_type={Conference Paper},
source={Scopus},
}

@CONFERENCE{Liu2016,
author={Liu, C. and Yang, J. and Bu, W. and Chen, Q.},
title={A trajectory generation method for biped walking based on neural oscillators},
journal={ICNSC 2016 - 13th IEEE International Conference on Networking, Sensing and Control},
year={2016},
doi={10.1109/ICNSC.2016.7478995},
art_number={7478995},
note={cited By 4},
url={https://www.scopus.com/inward/record.uri?eid=2-s2.0-84978168345&doi=10.1109%2fICNSC.2016.7478995&partnerID=40&md5=4e2f4ae5f4133b822c960e48c4d07dc2},
document_type={Conference Paper},
source={Scopus},
}

@BOOK{Wieber20161203,
author={Wieber, P.-B. and Tedrake, R. and Kuindersma, S.},
title={Modeling and control of legged robots},
journal={Springer Handbook of Robotics},
year={2016},
pages={1203-1234},
doi={10.1007/978-3-319-32552-1_48},
note={cited By 55},
url={https://www.scopus.com/inward/record.uri?eid=2-s2.0-85069208141&doi=10.1007%2f978-3-319-32552-1_48&partnerID=40&md5=347caafe5b964b2affce05710cdbfa11},
document_type={Book Chapter},
source={Scopus},
}

@BOOK{Iida20162015,
author={Iida, F. and Ijspeert, A.J.},
title={Biologically inspired robotics},
journal={Springer Handbook of Robotics},
year={2016},
pages={2015-2033},
doi={10.1007/978-3-319-32552-1_75},
note={cited By 11},
url={https://www.scopus.com/inward/record.uri?eid=2-s2.0-85018458917&doi=10.1007%2f978-3-319-32552-1_75&partnerID=40&md5=cb03cb82fed7f328136111ccf97440be},
document_type={Book Chapter},
source={Scopus},
}

@CONFERENCE{Veer2015997,
author={Veer, S. and Motahar, M.S. and Poulakakis, I.},
title={On the adaptation of dynamic walking to persistent external forcing using hybrid zero dynamics control},
journal={IEEE International Conference on Intelligent Robots and Systems},
year={2015},
volume={2015-December},
pages={997-1003},
doi={10.1109/IROS.2015.7353492},
art_number={7353492},
note={cited By 23},
url={https://www.scopus.com/inward/record.uri?eid=2-s2.0-84958169648&doi=10.1109%2fIROS.2015.7353492&partnerID=40&md5=4efa2c40f38b83d580a5ef68a0c63cbd},
document_type={Conference Paper},
source={Scopus},
}

@CONFERENCE{Kryczka20153352,
author={Kryczka, P. and Kormushev, P. and Tsagarakis, N.G. and Caldwell, D.G.},
title={Online regeneration of bipedal walking gait pattern optimizing footstep placement and timing},
journal={IEEE International Conference on Intelligent Robots and Systems},
year={2015},
volume={2015-December},
pages={3352-3357},
doi={10.1109/IROS.2015.7353844},
art_number={7353844},
note={cited By 39},
url={https://www.scopus.com/inward/record.uri?eid=2-s2.0-84958157237&doi=10.1109%2fIROS.2015.7353844&partnerID=40&md5=a8b347bcd932931207a75aeda0961d13},
document_type={Conference Paper},
source={Scopus},
}

@ARTICLE{Kinugasa20151529,
author={Kinugasa, T. and Ando, K. and Fujimoto, S. and Yoshida, K. and Iribe, M.},
title={Development of a three-dimensional dynamic biped walking via the oscillation of telescopic knee joint and its gait analysis},
journal={Journal of Mechanical Engineering and Sciences},
year={2015},
volume={9},
pages={1529-1537},
doi={10.15282/jmes.9.2015.1.0149},
note={cited By 5},
url={https://www.scopus.com/inward/record.uri?eid=2-s2.0-84962344644&doi=10.15282%2fjmes.9.2015.1.0149&partnerID=40&md5=a6c8a5beeadd69de558795af8f814995},
document_type={Article},
source={Scopus},
}

@ARTICLE{Semini20151003,
author={Semini, C. and Barasuol, V. and Boaventura, T. and Frigerio, M. and Focchi, M. and Caldwell, D.G. and Buchli, J.},
title={Towards versatile legged robots through active impedance control},
journal={International Journal of Robotics Research},
year={2015},
volume={34},
number={7},
pages={1003-1020},
doi={10.1177/0278364915578839},
note={cited By 116},
url={https://www.scopus.com/inward/record.uri?eid=2-s2.0-84930453796&doi=10.1177%2f0278364915578839&partnerID=40&md5=aa6251c4cbf2c17dc772d03a1b7787e7},
document_type={Article},
source={Scopus},
}

@ARTICLE{Gamus2015609,
author={Gamus, B. and Or, Y.},
title={Dynamic bipedal walking under stick-slip transitions},
journal={SIAM Journal on Applied Dynamical Systems},
year={2015},
volume={14},
number={2},
pages={609-642},
doi={10.1137/140956816},
note={cited By 17},
url={https://www.scopus.com/inward/record.uri?eid=2-s2.0-84937917901&doi=10.1137%2f140956816&partnerID=40&md5=155a901e2e707543f125bf0b4e60dafe},
document_type={Article},
source={Scopus},
}

@CONFERENCE{Motoc201463,
author={Motoc, I.M. and Sirlantzis, K. and Spurgeon, S.K. and Lee, P.},
title={Zero moment point/inverted pendulum-based walking algorithm for the NAO robot},
journal={Proceedings - 2014 International Conference on Emerging Security Technologies, EST 2014},
year={2014},
pages={63-66},
doi={10.1109/EST.2014.34},
art_number={6982776},
note={cited By 5},
url={https://www.scopus.com/inward/record.uri?eid=2-s2.0-84921279162&doi=10.1109%2fEST.2014.34&partnerID=40&md5=38e19732af0f0c973c891ed9e7299451},
document_type={Conference Paper},
source={Scopus},
}

@ARTICLE{He2014,
author={He, B. and Wang, Z. and Shen, R. and Hu, S.},
title={Real-time walking pattern generation for a biped robot with hybrid CPG-ZMP algorithm},
journal={International Journal of Advanced Robotic Systems},
year={2014},
volume={11},
doi={10.5772/58845},
note={cited By 14},
url={https://www.scopus.com/inward/record.uri?eid=2-s2.0-84914166046&doi=10.5772%2f58845&partnerID=40&md5=196754a4fb76ef7085c9a069e6028c11},
document_type={Article},
source={Scopus},
}

@ARTICLE{Grizzle20141955,
author={Grizzle, J.W. and Chevallereau, C. and Sinnet, R.W. and Ames, A.D.},
title={Models, feedback control, and open problems of 3D bipedal robotic walking},
journal={Automatica},
year={2014},
volume={50},
number={8},
pages={1955-1988},
doi={10.1016/j.automatica.2014.04.021},
note={cited By 162},
url={https://www.scopus.com/inward/record.uri?eid=2-s2.0-84905269697&doi=10.1016%2fj.automatica.2014.04.021&partnerID=40&md5=738ce4fc908a8b5f96a81b7426c66fb3},
document_type={Conference Paper},
source={Scopus},
}

@ARTICLE{Al-Shuka2014907,
author={Al-Shuka, H.F.N. and Allmendinger, F. and Corves, B. and Zhu, W.-H.},
title={Modeling, stability and walking pattern generators of biped robots: A review},
journal={Robotica},
year={2014},
volume={32},
number={6},
pages={907-934},
doi={10.1017/S0263574713001124},
note={cited By 21},
url={https://www.scopus.com/inward/record.uri?eid=2-s2.0-84904732362&doi=10.1017%2fS0263574713001124&partnerID=40&md5=04cc5529beb00e7616ecb686590f1153},
document_type={Article},
source={Scopus},
}

@ARTICLE{Ames20141115,
author={Ames, A.D.},
title={Human-inspired control of Bipedal walking robots},
journal={IEEE Transactions on Automatic Control},
year={2014},
volume={59},
number={5},
pages={1115-1130},
doi={10.1109/TAC.2014.2299342},
art_number={6709794},
note={cited By 134},
url={https://www.scopus.com/inward/record.uri?eid=2-s2.0-84899654688&doi=10.1109%2fTAC.2014.2299342&partnerID=40&md5=155fd5978c21be8b56267746474fd670},
document_type={Article},
source={Scopus},
}

@ARTICLE{Farzaneh2014167,
author={Farzaneh, Y. and Akbarzadeh, A. and Akbari, A.A.},
title={Online bio-inspired trajectory generation of seven-link biped robot based on T-S fuzzy system},
journal={Applied Soft Computing Journal},
year={2014},
volume={14},
number={PART B},
pages={167-180},
doi={10.1016/j.asoc.2013.05.013},
note={cited By 14},
url={https://www.scopus.com/inward/record.uri?eid=2-s2.0-84888298196&doi=10.1016%2fj.asoc.2013.05.013&partnerID=40&md5=7a8febf4f692f5df488c29530f6159f4},
document_type={Article},
source={Scopus},
}

@BOOK{Popovic20131,
author={Popovic, M.},
title={Biomechanics and robotics},
journal={Biomechanics and Robotics},
year={2013},
pages={1-351},
doi={10.4032/9789814411387},
note={cited By 12},
url={https://www.scopus.com/inward/record.uri?eid=2-s2.0-84974555522&doi=10.4032%2f9789814411387&partnerID=40&md5=7039b08f87467e4dd03d299ce54ea441},
document_type={Book},
source={Scopus},
}

@CONFERENCE{Zheng2013,
author={Zheng, Y.F. and Wang, H. and Li, S. and Liu, Y. and Orin, D. and Sohn, K. and Jun, Y. and Oh, P.},
title={Humanoid robots walking on grass, sands and rocks},
journal={IEEE Conference on Technologies for Practical Robot Applications, TePRA},
year={2013},
doi={10.1109/TePRA.2013.6556367},
art_number={6556367},
note={cited By 14},
url={https://www.scopus.com/inward/record.uri?eid=2-s2.0-84883396754&doi=10.1109%2fTePRA.2013.6556367&partnerID=40&md5=435b7e8ae8915157144e4e71686f1543},
document_type={Conference Paper},
source={Scopus},
}

@ARTICLE{Bauer2012662,
author={Bauer, C. and Mors, M. and Fischer, A. and Stein, T. and Mikut, R. and Schulz, S.},
title={Concept for a biological inspired semi passive pneumatic actuated biped prostheses-robot-hybrid [Konzept für einen biologisch inspirierten, semi-passiven pneumatisch angetriebene zweibeinigen prothesen-roboter-hybrid]},
journal={At-Automatisierungstechnik},
year={2012},
volume={60},
number={11},
pages={662-672},
doi={10.1524/auto.2012.1039},
note={cited By 0},
url={https://www.scopus.com/inward/record.uri?eid=2-s2.0-84871501688&doi=10.1524%2fauto.2012.1039&partnerID=40&md5=9a322c9c45c8f7028ae8498932bbbcc8},
document_type={Article},
source={Scopus},
}

@CONFERENCE{Kim20122744,
author={Kim, J. and Choi, C.-H. and Spong, M.W.},
title={Passive dynamic walking with knee and fixed flat feet},
journal={Conference Proceedings - IEEE International Conference on Systems, Man and Cybernetics},
year={2012},
pages={2744-2750},
doi={10.1109/ICSMC.2012.6378163},
art_number={6378163},
note={cited By 6},
url={https://www.scopus.com/inward/record.uri?eid=2-s2.0-84872420082&doi=10.1109%2fICSMC.2012.6378163&partnerID=40&md5=1f6c9bbf4d87326f05ba171838740ce9},
document_type={Conference Paper},
source={Scopus},
}

@CONFERENCE{Luo20121996,
author={Luo, D. and Wang, Y. and Wu, X.},
title={Online learning of COM trajectory for humanoid robot locomotion},
journal={2012 IEEE International Conference on Mechatronics and Automation, ICMA 2012},
year={2012},
pages={1996-2001},
doi={10.1109/ICMA.2012.6285128},
art_number={6285128},
note={cited By 6},
url={https://www.scopus.com/inward/record.uri?eid=2-s2.0-84867598653&doi=10.1109%2fICMA.2012.6285128&partnerID=40&md5=ebfd9100e60b3c56b41b272b2f80d0f6},
document_type={Conference Paper},
source={Scopus},
}

@BOOK{Sadati2012,
author={Sadati, N. and Dumont, G.A. and Hamed, K.A. and Gruver, W.A.},
title={Hybrid Control and Motion Planning of Dynamical Legged Locomotion},
journal={Hybrid Control and Motion Planning of Dynamical Legged Locomotion},
year={2012},
page_count={256},
doi={10.1002/9781118393741},
note={cited By 7},
url={https://www.scopus.com/inward/record.uri?eid=2-s2.0-84891585019&doi=10.1002%2f9781118393741&partnerID=40&md5=07b176990c7516e2c895a33af492b47f},
document_type={Book},
source={Scopus},
}

@ARTICLE{Pinto201239,
author={Pinto, C.M.A. and Santos, C.P. and Rocha, D. and Matos, V.},
title={New developments on online generation of trajectories in quadruped robots},
journal={Journal of Numerical Analysis, Industrial and Applied Mathematics},
year={2012},
volume={7},
number={1-2},
pages={39-57},
note={cited By 3},
url={https://www.scopus.com/inward/record.uri?eid=2-s2.0-84863544313&partnerID=40&md5=978e23e0822534dea4ea4147236d88da},
document_type={Article},
source={Scopus},
}

@ARTICLE{Or2012241,
author={Or, J.},
title={Computer simulations of a humanoid robot capable of walking like fashion models},
journal={IEEE Transactions on Systems, Man and Cybernetics Part C: Applications and Reviews},
year={2012},
volume={42},
number={2},
pages={241-248},
doi={10.1109/TSMCC.2011.2115238},
art_number={5767566},
note={cited By 5},
url={https://www.scopus.com/inward/record.uri?eid=2-s2.0-84857507492&doi=10.1109%2fTSMCC.2011.2115238&partnerID=40&md5=c063ab83e6e0f8c4767b2902311ce3b9},
document_type={Article},
source={Scopus},
}

@CONFERENCE{Zhao2012255,
author={Zhao, J. and Berns, K.},
title={Integrating capture point into biologically motivated controlled biped for maintaining stable state},
journal={Adaptive Mobile Robotics - Proceedings of the 15th International Conference on Climbing and Walking Robots and the Support Technologies for Mobile Machines, CLAWAR 2012},
year={2012},
pages={255-262},
doi={10.1142/9789814415958_0035},
note={cited By 1},
url={https://www.scopus.com/inward/record.uri?eid=2-s2.0-84891360887&doi=10.1142%2f9789814415958_0035&partnerID=40&md5=3e67a8362b461efc5579327c4f865db5},
document_type={Conference Paper},
source={Scopus},
}

@CONFERENCE{Sentis20112267,
author={Sentis, L. and Fernandez, B.},
title={Perturbation theory to plan dynamic locomotion in very rough terrains},
journal={IEEE International Conference on Intelligent Robots and Systems},
year={2011},
pages={2267-2273},
doi={10.1109/IROS.2011.6048408},
art_number={6048408},
note={cited By 5},
url={https://www.scopus.com/inward/record.uri?eid=2-s2.0-84455175259&doi=10.1109%2fIROS.2011.6048408&partnerID=40&md5=dd95006067712efef7fde66c4167de39},
document_type={Conference Paper},
source={Scopus},
}

@ARTICLE{Park20113231,
author={Park, J.H. and Chung, S.},
title={Optimal locomotion trajectory for biped robot 'D 2' with knees stretched, heel-contact landings, and toe-off liftoffs},
journal={Journal of Mechanical Science and Technology},
year={2011},
volume={25},
number={SUPPL 1},
pages={3231-3241},
doi={10.1007/s12206-011-0918-6},
note={cited By 13},
url={https://www.scopus.com/inward/record.uri?eid=2-s2.0-84865608535&doi=10.1007%2fs12206-011-0918-6&partnerID=40&md5=3891b5877e88d6103bd1334c0c7483aa},
document_type={Article},
source={Scopus},
}

@ARTICLE{Muecke2011203,
author={Muecke, K. and Hong, D.},
title={Constrained Analytical Trajectory Filter for stabilizing humanoid robot motions},
journal={Intelligent Service Robotics},
year={2011},
volume={4},
number={3},
pages={203-218},
doi={10.1007/s11370-011-0094-7},
note={cited By 4},
url={https://www.scopus.com/inward/record.uri?eid=2-s2.0-79960107069&doi=10.1007%2fs11370-011-0094-7&partnerID=40&md5=f9493c984d7f91f8069272ff99f3bbd4},
document_type={Article},
source={Scopus},
}

@CONFERENCE{Maeba2011255,
author={Maeba, T. and Wang, G. and Yu, F. and Minami, M. and Yanou, A.},
title={Motion representation of walking/slipping/turnover for humanoid robot by Newton-Euler method},
journal={Proceedings of the SICE Annual Conference},
year={2011},
pages={255-260},
art_number={6060614},
note={cited By 3},
url={https://www.scopus.com/inward/record.uri?eid=2-s2.0-81255172376&partnerID=40&md5=b04ad479dbcd9a4dfb3f351d28310a21},
document_type={Conference Paper},
source={Scopus},
}

@CONFERENCE{Wang201027,
author={Wang, T. and Chevallereau, C.},
title={A new control law for a 3D biped robot based on regulation of the zero moment point and joint path},
journal={2010 10th IEEE-RAS International Conference on Humanoid Robots, Humanoids 2010},
year={2010},
pages={27-32},
doi={10.1109/ICHR.2010.5686295},
art_number={5686295},
note={cited By 7},
url={https://www.scopus.com/inward/record.uri?eid=2-s2.0-79851499953&doi=10.1109%2fICHR.2010.5686295&partnerID=40&md5=ac08da506e5a61da561e7185a55a3fdb},
document_type={Conference Paper},
source={Scopus},
}

@ARTICLE{Geng2010253,
author={Geng, T. and Gan, J.Q.},
title={Planar biped walking with an equilibrium point controller and state machines},
journal={IEEE/ASME Transactions on Mechatronics},
year={2010},
volume={15},
number={2},
pages={253-260},
doi={10.1109/TMECH.2009.2024742},
art_number={5153344},
note={cited By 17},
url={https://www.scopus.com/inward/record.uri?eid=2-s2.0-77950594958&doi=10.1109%2fTMECH.2009.2024742&partnerID=40&md5=e50c581cb587674e5b19068ddded8593},
document_type={Article},
source={Scopus},
}

@BOOK{Chevallereau2010,
author={Chevallereau, C. and Bessonnet, G. and Abba, G. and Aoustin, Y.},
title={Bipedal Robots: Modeling, Design and Walking Synthesis},
journal={Bipedal Robots: Modeling, Design and Walking Synthesis},
year={2010},
page_count={328},
doi={10.1002/9780470611623},
note={cited By 74},
url={https://www.scopus.com/inward/record.uri?eid=2-s2.0-84891572226&doi=10.1002%2f9780470611623&partnerID=40&md5=72479c03c158d9d0baf2b5e47a7403cd},
document_type={Book},
source={Scopus},
}

@CONFERENCE{Braun20092916,
author={Braun, D.J. and Goldfarb, M.},
title={A controller for dynamic walking in bipedal robots},
journal={2009 IEEE/RSJ International Conference on Intelligent Robots and Systems, IROS 2009},
year={2009},
pages={2916-2921},
doi={10.1109/IROS.2009.5354840},
art_number={5354840},
note={cited By 5},
url={https://www.scopus.com/inward/record.uri?eid=2-s2.0-76249101129&doi=10.1109%2fIROS.2009.5354840&partnerID=40&md5=f5f6ea9d3a77bf32ae2b47b20a609ac5},
document_type={Conference Paper},
source={Scopus},
}

@CONFERENCE{Whitman2009520,
author={Whitman, E.C. and Atkeson, C.G.},
title={Control of a walking biped using a combination of simple policies},
journal={9th IEEE-RAS International Conference on Humanoid Robots, HUMANOIDS09},
year={2009},
pages={520-527},
doi={10.1109/ICHR.2009.5379521},
art_number={5379521},
note={cited By 12},
url={https://www.scopus.com/inward/record.uri?eid=2-s2.0-77950579842&doi=10.1109%2fICHR.2009.5379521&partnerID=40&md5=e0a64ad0b899cff9cb6b2a6124b6dc71},
document_type={Conference Paper},
source={Scopus},
}

@BOOK{GutiérrezA.20081,
author={Gutiérrez A., M.A. and Vexo, F. and Thalmann, D.},
title={Stepping into virtual reality},
journal={Stepping into Virtual Reality},
year={2008},
pages={1-214},
doi={10.1007/978-1-84800-117-6},
note={cited By 169},
url={https://www.scopus.com/inward/record.uri?eid=2-s2.0-84892220588&doi=10.1007%2f978-1-84800-117-6&partnerID=40&md5=50f44c7851a8d73518c7b5d80bfc7836},
document_type={Book},
source={Scopus},
}

@CONFERENCE{Tang20081174,
author={Tang, Z. and Er, M.J. and Chien, C.-J.},
title={Analysis of human gait using an inverted pendulum model},
journal={IEEE International Conference on Fuzzy Systems},
year={2008},
pages={1174-1178},
doi={10.1109/FUZZY.2008.4630519},
art_number={4630519},
note={cited By 2},
url={https://www.scopus.com/inward/record.uri?eid=2-s2.0-55249125934&doi=10.1109%2fFUZZY.2008.4630519&partnerID=40&md5=58d015b3c5ef9b69cae72f836e04c9ab},
document_type={Conference Paper},
source={Scopus},
}

@ARTICLE{Ijspeert2008642,
author={Ijspeert, A.J.},
title={Central pattern generators for locomotion control in animals and robots: A review},
journal={Neural Networks},
year={2008},
volume={21},
number={4},
pages={642-653},
doi={10.1016/j.neunet.2008.03.014},
note={cited By 1223},
url={https://www.scopus.com/inward/record.uri?eid=2-s2.0-40049092971&doi=10.1016%2fj.neunet.2008.03.014&partnerID=40&md5=0845bdcceeddb5ad2b068daf31730033},
document_type={Article},
source={Scopus},
}

@ARTICLE{Chevallereau2008390,
author={Chevallereau, C. and Djoudi, D. and Grizzle, J.W.},
title={Stable bipedal walking with foot rotation through direct regulation of the zero moment point},
journal={IEEE Transactions on Robotics},
year={2008},
volume={24},
number={2},
pages={390-401},
doi={10.1109/TRO.2007.913563},
note={cited By 79},
url={https://www.scopus.com/inward/record.uri?eid=2-s2.0-42549168505&doi=10.1109%2fTRO.2007.913563&partnerID=40&md5=471183b926a7ebdc8c671ff6f22d230b},
document_type={Article},
source={Scopus},
}

@CONFERENCE{Pongas20071474,
author={Pongas, D. and Mistry, M. and Schaal, S.},
title={A robust quadruped walking gait for traversing rough terrain},
journal={Proceedings - IEEE International Conference on Robotics and Automation},
year={2007},
pages={1474-1479},
doi={10.1109/ROBOT.2007.363192},
art_number={4209296},
note={cited By 93},
url={https://www.scopus.com/inward/record.uri?eid=2-s2.0-36348994309&doi=10.1109%2fROBOT.2007.363192&partnerID=40&md5=f4855b36fe7d452f18655aa30898f4df},
document_type={Conference Paper},
source={Scopus},
}

@ARTICLE{Yang2007549,
author={Yang, L. and Chew, C.-M. and Zielinska, T. and Poo, A.-N.},
title={A uniform biped gait generator with offline optimization and online adjustable parameters},
journal={Robotica},
year={2007},
volume={25},
number={5},
pages={549-565},
doi={10.1017/S026357470700344X},
note={cited By 30},
url={https://www.scopus.com/inward/record.uri?eid=2-s2.0-34748902996&doi=10.1017%2fS026357470700344X&partnerID=40&md5=ae02d1289f8ee686eed2bc6df953ab47},
document_type={Article},
source={Scopus},
}

@BOOK{Westervelt20071,
author={Westervelt, E.R. and Grizzle, J.W. and Chevallereau, C. and Choi, J.H. and Morris, B.},
title={Feedback control of dynamic bipedal robot locomotion},
journal={Feedback Control of Dynamic Bipedal Robot Locomotion},
year={2007},
pages={1-503},
note={cited By 785},
url={https://www.scopus.com/inward/record.uri?eid=2-s2.0-84879690991&partnerID=40&md5=72005861253b738234074e6625324bf0},
document_type={Book},
source={Scopus},
}

@ARTICLE{Bruneau20061457,
author={Bruneau, O.},
title={An approach to the design of walking humanoid robots with different leg mechanisms or flexible feet and using dynamic gaits},
journal={JVC/Journal of Vibration and Control},
year={2006},
volume={12},
number={12},
pages={1457-1482},
doi={10.1177/1077546306070613},
note={cited By 3},
url={https://www.scopus.com/inward/record.uri?eid=2-s2.0-33751586113&doi=10.1177%2f1077546306070613&partnerID=40&md5=be4fff288a65093a0e4d74ff296013ff},
document_type={Article},
source={Scopus},
}

@BOOK{Wang20061,
author={Wang, L. and Tan, K.C. and Chew, C.M.},
title={Evolutionary Robotics: From Algorithms To Implementations},
journal={Evolutionary Robotics: From Algorithms To Implementations},
year={2006},
pages={1-247},
doi={10.1142/6164},
note={cited By 16},
url={https://www.scopus.com/inward/record.uri?eid=2-s2.0-78751509260&doi=10.1142%2f6164&partnerID=40&md5=27b5d171118ed2862f5381b78e7e6a8a},
document_type={Book},
source={Scopus},
}

@CONFERENCE{Sharon20052387,
author={Sharon, D. and Van De Panne, M.},
title={Synthesis of controllers for stylized planar bipedal walking},
journal={Proceedings - IEEE International Conference on Robotics and Automation},
year={2005},
volume={2005},
pages={2387-2392},
doi={10.1109/ROBOT.2005.1570470},
art_number={1570470},
note={cited By 43},
url={https://www.scopus.com/inward/record.uri?eid=2-s2.0-33846173368&doi=10.1109%2fROBOT.2005.1570470&partnerID=40&md5=88bc764a6b547f4b752b5449419041aa},
document_type={Conference Paper},
source={Scopus},
}

@ARTICLE{Lim20051,
author={Lim, H.-O. and Takanishi, A.},
title={Compensatory motion control for a biped walking robot},
journal={Robotica},
year={2005},
volume={23},
number={1},
pages={1-11},
doi={10.1017/S0263574704000591},
note={cited By 23},
url={https://www.scopus.com/inward/record.uri?eid=2-s2.0-13444252619&doi=10.1017%2fS0263574704000591&partnerID=40&md5=38e7680ce623f0d910c251caefb5171b},
document_type={Article},
source={Scopus},
}

@ARTICLE{Hardt2003648,
author={Hardt, M. and Von Stryk, O.},
title={Dynamic modeling in the simulation, optimization, and control of bipedal and quadrupedal robots},
journal={ZAMM Zeitschrift fur Angewandte Mathematik und Mechanik},
year={2003},
volume={83},
number={10},
pages={648-662},
doi={10.1002/zamm.200310068},
note={cited By 13},
url={https://www.scopus.com/inward/record.uri?eid=2-s2.0-33748515955&doi=10.1002%2fzamm.200310068&partnerID=40&md5=85d7a8855d2731f15d2e2fedf0ea406c},
document_type={Article},
source={Scopus},
}

@CONFERENCE{Tang2003926,
author={Tang, J.-B. and Zou, L.-Y. and Liu, J.-P. and Zhang, H. and Shen, J.-X. and Huang, X.-H.},
title={Analysis and research on motion patterns of modular reconfigurable robotics system},
journal={Proceedings - 2003 IEEE International Conference on Robotics, Intelligent Systems and Signal Processing, RISSP 2003},
year={2003},
volume={2003-October},
pages={926-931},
doi={10.1109/RISSP.2003.1285711},
art_number={1285711},
note={cited By 0},
url={https://www.scopus.com/inward/record.uri?eid=2-s2.0-84990932245&doi=10.1109%2fRISSP.2003.1285711&partnerID=40&md5=cb5ee49062b592e09587e2a73caed548},
document_type={Conference Paper},
source={Scopus},
}

@CONFERENCE{Hardt2003206,
author={Hardt, M. and Von Stryk, O.},
title={The role of motion dynamics in the design, control and stability of bipedal and quadrupedal robots},
journal={Lecture Notes in Artificial Intelligence (Subseries of Lecture Notes in Computer Science)},
year={2003},
volume={2752},
pages={206-223},
doi={10.1007/978-3-540-45135-8_16},
note={cited By 6},
url={https://www.scopus.com/inward/record.uri?eid=2-s2.0-23144454644&doi=10.1007%2f978-3-540-45135-8_16&partnerID=40&md5=805fdfc718512df47a50124082946a0d},
document_type={Conference Paper},
source={Scopus},
}

@inbook{applications,
  author = {Roa, Maximo A. and Garzón-Alvarado, Diego and Ramirez, Ricardo},
  year = {2007},
  month = {10},
  pages = {1},
  title = {Design Methodology for Biped Robots: Applications in Robotics and Prosthetics},
  isbn = {978-3-902613-16-5},
  doi = {10.5772/5077}
}

@manual{rofi,
  title        = {Robot Five},
  author       = {Project Biped},
  url          = {http://www.projectbiped.com/prototypes/rofi},
  year         = {2012}
}
@manual{nao,
  title        = {NAO Robot V6},
  author       = {SoftBank},
  url          = {https://www.generationrobots.com/media/Specifications_NAO6.pdf},
  year         = {2018}
}
@manual{op3,
  title        = {OP3},
  author       = {ROBOTIS},
  url          = {https://emanual.robotis.com/docs/en/platform/op3/introduction/},
  year         = {2021}
}

@article{Rubio,
	author = {Rubio, Francisco and Valero, Francisco and Llopis-Albert, Carlos},
	year = {2019},
	month = {03},
	pages = {172988141983959},
	title = {A review of mobile robots: Concepts, methods, theoretical framework, and applications},
	volume = {16},
	journal = {International Journal of Advanced Robotic Systems},
	doi = {10.1177/1729881419839596}
}

@techreport{ISO,
  author      = {ISO-8373},
  address = {Geneva, CH},
  title       = {Robots and robotic devices — Vocabulary},
  institution = {International Organization for Standardization},
  year        = {2012}
}

@CONFERENCE{Kajita19952885,
author={Kajita, Shuuji and Tani, Kazuo},
title={Experimental study of biped dynamic walking in the linear inverted pendulum mode},
journal={Proceedings - IEEE International Conference on Robotics and Automation},
year={1995},
volume={3},
pages={2885-2891},
note={cited By 94},
url={https://www.scopus.com/inward/record.uri?eid=2-s2.0-0029190732&partnerID=40&md5=36f8637136692b849693e01f6a70377c},
document_type={Conference Paper},
source={Scopus},
}

@CONFERENCE{Joseph2018,
author={Joseph, A. and Christian, B. and Abiodun, A.A. and Oyawale, F.},
title={A review on humanoid robotics in healthcare},
journal={MATEC Web of Conferences},
year={2018},
volume={153},
doi={10.1051/matecconf/201815302004},
art_number={02004},
note={cited By 21},
url={https://www.scopus.com/inward/record.uri?eid=2-s2.0-85043253487&doi=10.1051%2fmatecconf%2f201815302004&partnerID=40&md5=7544ca444cc5954672be5cd939294155},
document_type={Conference Paper},
source={Scopus},
}

@ARTICLE{Chatterjee2017603,
author={Chatterjee, S. and Chaudhuri, R. and Vrontis, D.},
title={Usage Intention of Social Robots for Domestic Purpose: From
Security, Privacy, and Legal Perspectives},
journal={Springer Nature 2021},
year={2021},
doi={10.1007/s10796-021-10197-7},
document_type={Conference Paper},
}

@ARTICLE{Buschmann2009141,
author={Buschmann, T. and Lohmeier, S. and Ulbrich, H.},
title={Humanoid robot Lola: Design and walking control},
journal={Journal of Physiology Paris},
year={2009},
volume={103},
number={3-5},
pages={141-148},
doi={10.1016/j.jphysparis.2009.07.008},
note={cited By 61},
url={https://www.scopus.com/inward/record.uri?eid=2-s2.0-71149103494&doi=10.1016%2fj.jphysparis.2009.07.008&partnerID=40&md5=b0819741b21b844768269bf3a5859fb4},
document_type={Article},
source={Scopus},
}

@BOOK{Ambarish20181,
author={Goswami, A. and Vadakkepat, P.},
title={Humanoid Robotics: A Reference},
year={2019},
document_type={Book},
}

@BOOK{Kajita20181,
author={Kajita, S. and Hirukawa, H. and Harada, K. and Yokoi, K.},
title={Introduction to Humanoid Robotics},
year={2005},
document_type={Book},
}

@CONFERENCE{Kajit201,
author={Kajita, S. and Kanehiro, F. and Kaneko, K. and Yokoi, K.},
title={The 3D linear inverted pendulum model: A simple modeling for a bipedwalking pattern generation},
journal={Proceedings - IEEE International Conference on Robotics and Automation},
year={2001},
document_type={Conference Paper},
}

@misc{NAOxx,
    author = {SoftBank, Robotics},
    title = {NAO},
    year = 2021,
    howpublished = {\url{https://www.softbankrobotics.com/emea/en/nao}},
    note = {Accessed: 2021-10-16}
}

@misc{DARWINxx,
    author = {Trossen, Robotics},
    title = {Darwin-OP Delux Humanoid Robot},
    year = 2021,
    howpublished = {\url{https://www.trossenrobotics.com/p/darwin-OP-Deluxe-humanoid-robot.aspx}},
    note = {Accessed: 2021-10-16}
}

@misc{LOLAxx,
    author = {TUM},
    title = {Humanoid Robot LOLA},
    year = 2021,
    howpublished = {https://www.mec.ed.tum.de/am/forschung/aktuelle-projekte/robotik/humanoider-roboter-lola/},
    note = {Accessed: 2021-10-16}
}

@misc{HUBOxx,
    author = {Wevolver},
    title = {Hubo Humanoid Robot},
    year = 2021,
    howpublished = {\url{https://www.wevolver.com/wevolver.staff/hubo.humanoid.robot}},
    note = {Accessed: 2021-10-16}
}